<record><leader>00000cas a22000007a 4500</leader><controlfield tag="001">17969920</controlfield><controlfield tag="008">880518d1975199utxuwr ne      0    0eng d</controlfield><datafield ind1=" " ind2=" " tag="010"><subfield code="a">sn 88083534 </subfield></datafield><datafield ind1=" " ind2=" " tag="040"><subfield code="a">PPM</subfield><subfield code="b">eng</subfield><subfield code="c">PPM</subfield><subfield code="d">OCLCQ</subfield></datafield><datafield ind1=" " ind2=" " tag="042"><subfield code="a">msc</subfield></datafield><datafield ind1="0" ind2="4" tag="245"><subfield code="a">The Bastrop County times.</subfield></datafield><datafield ind1=" " ind2=" " tag="260"><subfield code="a">Smithville, Tex. :</subfield><subfield code="b">Tex-Print Corp.,</subfield><subfield code="c">1975-</subfield></datafield><datafield ind1=" " ind2=" " tag="310"><subfield code="a">Weekly</subfield></datafield><datafield ind1="0" ind2=" " tag="362"><subfield code="a">Vol. 84, no. 14 (Apr. 2, 1975)-</subfield></datafield><datafield ind1=" " ind2=" " tag="752"><subfield code="a">United States</subfield><subfield code="b">Texas</subfield><subfield code="c">Bastrop</subfield><subfield code="d">Smithville.</subfield></datafield><datafield ind1="0" ind2="0" tag="780"><subfield code="t">Smithville times transcript and enterprise</subfield><subfield code="w">(DLC)sn 93068258</subfield></datafield><datafield ind1="0" ind2="0" tag="785"><subfield code="t">Smithville times</subfield><subfield code="w">(DLC)sn9300068259</subfield></datafield><datafield ind1="1" ind2=" " tag="029"><subfield code="a">AU@</subfield><subfield code="b">000025801137</subfield></datafield></record>